@misc{ecg,
  title = {{ Clinical Electrocardiography and Arrhythmias}},
  author = {Roger G. Mark},
  year = 2004
}
@misc{wearable_ecg,
	title = {{ A Long Term Wearable Electrocardiogram (ECG) Measurement System }},
	author = {Margaret (Maggie) K. Delano },
	year = 2012,
}
  

